@article{schwaber2017scrum,
	title={The scrum guide. 2017},
	author={Schwaber, Ken and Sutherland, Jeff},
	journal={No. November},
	pages={6--17},
	year={2017}
}

@misc{kanban,
	title={Qué es Kanban: definición, características y ventajas.},
	url={https://kanbanize.com/es/recursos-de-kanban/primeros-pasos/que-es-kanban},
	urldate={2021-06-08}
	year= 2021
}

@misc{beck2001agile,
	added-at = {2007-12-30T11:39:05.000+0100},
	author = {Beck, Kent and Beedle, Mike and van Bennekum, Arie and Cockburn, Alistair and Cunningham, Ward and Fowler, Martin and Grenning, James and Highsmith, Jim and Hunt, Andrew and Jeffries, Ron and Kern, Jon and Marick, Brian and Martin, Robert C. and Mellor, Steve and Schwaber, Ken and Sutherland, Jeff and Thomas, Dave},
	biburl = {https://www.bibsonomy.org/bibtex/28954248a545d88dd2c0e688d1c7e2f9d/juve},
	booktitle = {Manifesto for Agile Software Development},
	description = {Manifesto for Agile Software Development},
	interhash = {098cc7e185f10c3da390459a01e0d535},
	intrahash = {8954248a545d88dd2c0e688d1c7e2f9d},
	keywords = {imported},
	timestamp = {2007-12-30T11:39:05.000+0100},
	title = {Manifesto for Agile Software Development},
	url = {http://www.agilemanifesto.org/},
	year = 2001
}

@book{fielding2000architectural,
	title={Architectural styles and the design of network-based software architectures},
	author={Fielding, Roy Thomas},
	year={2000},
	publisher={University of California, Irvine}
}

@misc{tasks.org,
	title = {Tasks.org {\textbar} {Tasks}.org},
	url = {https://tasks.org/},
	abstract = {Open-source, privacy-friendly to-do lists \& reminders for Android. Supports Google Tasks, DAVx⁵, CalDAV, EteSync, and DecSync CC},
	language = {en},
	urldate = {2021-06-21},
}

@misc{inproceedings,
	author = {Deterding, Sebastian and Khaled, Rilla and Nacke, Lennart and Dixon, Dan},
	year = {2011},
	month = {01},
	pages = {12-15},
	title = {Gamification: Toward a definition}
}

@misc{bierman2014understanding,
	title={Understanding typescript},
	author={Bierman, Gavin and Abadi, Mart{\'\i}n and Torgersen, Mads},
	booktitle={European Conference on Object-Oriented Programming},
	pages={257--281},
	year={2014},
	organization={Springer}
} 

@misc{react,
	title={React – Una biblioteca de JavaScript para construir interfaces de usuario}
	url={https://es.reactjs.org/}, 
	journal={React – Una biblioteca de JavaScript para construir interfaces de usuario}
}

@misc{drf, 
	title={Django rest Framework}, 
	url={https://www.django-rest-framework.org/}, 
	journal={Django REST framework}, 
	author={Christie, Tom}
}

@software{django,
	author = {Django Software Foundation},
	title = {Django},
	url = {https://djangoproject.com},
	version = {2.2},
	date = {2019-05-05},
} 

@book{BecAnd04extreme,
	added-at = {2015-08-04T15:30:35.000+0200},
	address = {Boston},
	author = {Beck, Kent and Andres, Cynthia},
	biburl = {https://www.bibsonomy.org/bibtex/25a0de786b7be8a2452c7d596172209ee/xaavian},
	description = {Extreme Programming Explained, second edition},
	interhash = {a9b68fa00c6e5da6bdc8dd7e848aa2e5},
	intrahash = {5a0de786b7be8a2452c7d596172209ee},
	isbn = {0321278658},
	keywords = {extreme programming},
	publisher = {Addison-Wesley Professional},
	timestamp = {2015-08-04T15:45:20.000+0200},
	title = {Extreme Programming Explained: Embrace Change (2nd Edition)},
	url = {http://portal.acm.org/citation.cfm?id=1076267},
	year = 2004
}

@book{Schwaber04,
	abstract = {Apply the principles of Scrum, one of the most popular agile programming methods, to software project management and focus your team on delivering real business value.},
	added-at = {2016-12-26T11:46:36.000+0100},
	address = {Redmond, WA},
	author = {Schwaber, Ken},
	biburl = {https://www.bibsonomy.org/bibtex/2495af4ae1f89f1c9b5cabf23c17ee9f4/flint63},
	file = {ePub Version PDF:2000-04/Schwaber04.pdf:PDF;Amazon Search inside:http\://www.amazon.de/gp/reader/073561993X/:URL},
	groups = {public},
	interhash = {598721753052be3e949a15fc86c74a60},
	intrahash = {495af4ae1f89f1c9b5cabf23c17ee9f4},
	isbn = {978-0-7356-1993-7},
	keywords = {01624 103 book software engineering agile development process project management},
	publisher = {Microsoft Press},
	timestamp = {2017-07-13T17:29:03.000+0200},
	title = {Agile Project Management with Scrum},
	url = {http://my.safaribooksonline.com/9780735619937},
	username = {flint63},
	year = 2004
}

@inproceedings{Uyun2010IMPLEMENTATIONOM,
	title={IMPLEMENTATION OF MODEL VIEW CONTROLLER (MVC) ARCHITECTURE ON BUILDING WEB-BASED INFORMATION SYSTEM},
	author={Shofwatul 'Uyun and M. Ma’arif},
	year={2010}
}

